@ARTICLE{chen,
    author    =  {Guoning Chen and Gregory Esch and Peter Wonka and Pascal Mueller and Eugene Zhang},
    title         =  {Interactive Procedural Street Modeling},
    journal    =  {ACM Trans. Graph.},
    year        =  {2008},
    volume   =  {27},
    number  =  {3},
    pages  =  {Article 103: 1-10},
}

@inproceedings{tensor-topology,
 author = {Delmarcelle, Thierry and Hesselink, Lambertus},
 title = {The Topology of Symmetric, Second-order Tensor Fields},
 booktitle = {Proceedings of the Conference on Visualization '94},
 series = {VIS '94},
 year = {1994},
 isbn = {0-7803-2521-4},
 location = {Washinton, D.C.},
 pages = {140--147},
 numpages = {8},
 url = {http://dl.acm.org/citation.cfm?id=951087.951115},
 acmid = {951115},
 publisher = {IEEE Computer Society Press},
 address = {Los Alamitos, CA, USA},
} 